%%
% BIThesis 研究生学位论文模板 The BIThesis Template for Graduate Thesis
% This file has no copyright assigned and is placed in the Public Domain.
%%

@misc{pia2024cyberthreats,
  author = {{Private Internet Access}},
  title = {How to stay safe from the biggest cybersecurity threats of 2025},
  year = {2024},
  howpublished = {[Online]},
  note = {Last Accessed: December 13, 2024},
  url = {https://www.privateinternetaccess.com/blog/future-cyber-attacks/#:~:text=Attacks%20are%20becoming%20more%20frequent,annually%2C%20according%20to%20Cybersecurity%20Ventures}
}

@misc{avg2024malware,
  author = {{AVG}},
  title = {Malware and virus statistics 2024: The trends you need to know about},
  year = {2024},
  howpublished = {[Online]},
  note = {Last Accessed: December 13, 2024},
  url = {https://www.avg.com/en/signal/malware-statistics#:~:text=Malware-,Malware%20And%20Virus%20Statistics%202024:%20The%20Trends%20You%20Need%20to,protect%20yourself%20against%20common%20threats}
}

@misc{sophos2024ransomware,
  author = {{Sophos}},
  title = {State of ransomware},
  year = {2024},
  howpublished = {[Online]},
  note = {Last Accessed: December 13, 2024},
  url = {https://www.sophos.com/en-us/content/state-of-ransomware}
}

@article{dubey2024llama3,
  author = {Dubey, A. and Jauhri, A. and Pandey, A. and Kadian, A. and Al-Dahle, A. and Letman, A. and Mathur, A. and Schelten, A. and Yang, A. and Fan, A. and others},
  title = {The llama 3 herd of models},
  journal = {arXiv preprint arXiv:2407.21783},
  year = {2024}
}

@inproceedings{kedia2021beyond,
  author = {Kedia, A. and Chinthakindi, S. C. and Ryu, W.},
  title = {Beyond reptile: Meta-learned dot-product maximization between gradients for improved single-task regularization},
  booktitle = {Findings of the Association for Computational Linguistics: EMNLP 2021},
  year = {2021},
  pages = {407--420}
}

@article{jiang2023mistral,
  author = {Jiang, A. and Sablayrolles, A. and Mensch, A. and Bamford, C. and Chaplot, D. and {de las Casas}, D. and Bressand, F. and Lengyel, G. and Lample, G. and Saulnier, L. and others},
  title = {Mistral 7b (2023)},
  journal = {arXiv preprint arXiv:2310.06825},
  year = {2023}
}

@article{hou2023llm4se,
  author = {Hou, X. and Zhao, Y. and Liu, Y. and Yang, Z. and Wang, K. and Li, L. and Luo, X. and Lo, D. and Grundy, J. and Wang, H.},
  title = {Large language models for software engineering: A systematic literature review},
  journal = {ACM Transactions on Software Engineering and Methodology},
  year = {2023}
}

@misc{ai2024codestral,
  author = {{Mistral AI}},
  title = {Codestral},
  year = {2024}
}

@article{roziere2023codellama,
  author = {Roziere, B. and Gehring, J. and Gloeckle, F. and Sootla, S. and Gat, I. and Tan, X. E. and Adi, Y. and Liu, J. and Sauvestre, R. and Remez, T. and others},
  title = {Code llama: Open foundation models for code},
  journal = {arXiv preprint arXiv:2308.12950},
  year = {2023}
}

@article{zhu2024deepseek,
  author = {Zhu, Q. and Guo, D. and Shao, Z. and Yang, D. and Wang, P. and Xu, R. and Wu, Y. and Li, Y. and Gao, H. and Ma, S. and others},
  title = {Deepseek-coder-v2: Breaking the barrier of closed-source models in code intelligence},
  journal = {arXiv preprint arXiv:2406.11931},
  year = {2024}
}

@article{lozhkov2024starcoder,
  author = {Lozhkov, A. and Li, R. and Allal, L. B. and Cassano, F. and Lamy-Poirier, J. and Tazi, N. and Tang, A. and Pykhtar, D. and Liu, J. and Wei, Y. and others},
  title = {Starcoder 2 and the stack v2: The next generation},
  journal = {arXiv preprint arXiv:2402.19173},
  year = {2024}
}

@article{huang2024opencoder,
  author = {Huang, S. and Cheng, T. and Liu, J. K. and Hao, J. and Song, L. and Xu, Y. and Yang, J. and Liu, J. and Zhang, C. and Chai, L. and others},
  title = {Opencoder: The open cookbook for top-tier code large language models},
  journal = {arXiv preprint arXiv:2411.04905},
  year = {2024}
}

@inproceedings{cassano2024can,
  author = {Cassano, F. and Li, L. and Sethi, A. and Shinn, N. and Brennan-Jones, A. and Lozhkov, A. and Anderson, C. J. and Guha, A.},
  title = {Can it edit? evaluating the ability of large language models to follow code editing instructions},
  booktitle = {Conference on Language Modeling (COLM)},
  year = {2024}
}

@misc{guo2024codeeditorbench,
  author = {Guo, J. and Li, Z. and Liu, X. and Ma, K. and Zheng, T. and Yu, Z. and Pan, D. and Li, Y. and Liu, R. and Wang, Y. and Guo, S. and Qu, X. and Yue, X. and Zhang, G. and Chen, W. and Fu, J.},
  title = {CodeEditorBench: Evaluating code editing capability of large language models},
  year = {2024}
}

@article{cordeiro2024refactoring,
  author = {Cordeiro, J. and Noei, S. and Zou, Y.},
  title = {An empirical study on the code refactoring capability of large language models},
  journal = {arXiv preprint arXiv:2411.02320},
  year = {2024}
}

@misc{darktrace2024aisecurity,
  author = {{Darktrace}},
  title = {State of AI Cyber Security 2024},
  year = {2024},
  howpublished = {[Online]},
  note = {Last Accessed: December 13, 2024},
  url = {https://darktrace.com/resources/state-of-ai-cyber-security-2024?success=1}
}

@inproceedings{botacin2023gpthreats,
  author = {Botacin, M.},
  title = {GPThreats-3: Is automatic malware generation a threat?},
  booktitle = {2023 IEEE Security and Privacy Workshops (SPW)},
  publisher = {IEEE},
  year = {2023},
  pages = {238--254}
}

@article{qiao2022adversarial,
  author = {Qiao, Y. and Zhang, W. and Tian, Z. and Yang, L. T. and Liu, Y. and Alazab, M.},
  title = {Adversarial malware sample generation method based on the prototype of deep learning detector},
  journal = {Computers \& Security},
  volume = {119},
  pages = {102762},
  year = {2022},
  url = {https://www.sciencedirect.com/science/article/pii/S0167404822001572}
}

@inproceedings{choi2019amvg,
  author = {Choi, J. and Shin, D. and Kim, H. and Seotis, J. and Hong, J. B.},
  title = {AMVG: Adaptive malware variant generation framework using machine learning},
  booktitle = {2019 IEEE 24th Pacific Rim International Symposium on Dependable Computing (PRDC)},
  year = {2019},
  pages = {246--24609}
}

@inproceedings{lucas2021malware,
  author = {Lucas, K. and Sharif, M. and Bauer, L. and Reiter, M. K. and Shintre, S.},
  title = {Malware makeover: Breaking ML-based static analysis by modifying executable bytes},
  booktitle = {Proceedings of the 2021 ACM Asia Conference on Computer and Communications Security},
  year = {2021},
  pages = {744--758}
}

@article{ming2017impeding,
  author = {Ming, J. and Xin, Z. and Lan, P. and Wu, D. and Liu, P. and Mao, B.},
  title = {Impeding behavior-based malware analysis via replacement attacks to malware specifications},
  journal = {Journal of Computer Virology and Hacking Techniques},
  volume = {13},
  pages = {193--207},
  year = {2017}
}

@inproceedings{ling2024wolf,
  author = {Ling, X. and Wu, Z. and Wang, B. and Deng, W. and Wu, J. and Ji, S. and Luo, T. and Wu, Y.},
  title = {A wolf in sheep's clothing: Practical black-box adversarial attacks for evading learning-based windows malware detection in the wild},
  booktitle = {33rd USENIX Security Symposium (USENIX Security 24)},
  publisher = {USENIX Association},
  year = {2024},
  pages = {7393--7410}
}

@inproceedings{digregorio2024tarallo,
  author = {Digregorio, G. and Maccarrone, S. and D’Onghia, M. and Gallo, L. and Carminati, M. and Polino, M. and Zanero, S.},
  title = {Tarallo: Evading behavioral malware detectors in the problem space},
  booktitle = {Detection of Intrusions and Malware, and Vulnerability Assessment},
  editor = {Maggi, F. and Egele, M. and Payer, M. and Carminati, M.},
  publisher = {Springer Nature Switzerland},
  address = {Cham},
  year = {2024},
  pages = {128--149}
}

@misc{avg2024marketshare,
  author = {{AVG}},
  title = {Desktop operating system market share worldwide - november 2024},
  year = {2024},
  howpublished = {[Online]},
  note = {Last Accessed: November 30, 2024},
  url = {https://www.avg.com/en/signal/malware-statistics#}
}

@misc{statcounter2024marketshare,
  author = {{StatCounter}},
  title = {Desktop operating system market share worldwide - november 2024},
  year = {2024},
  howpublished = {[Online]},
  note = {Last Accessed: November 30, 2024},
  url = {https://gs.statcounter.com/os-market-share/desktop/worldwide#daily-20240901-20241020-bar}
}

@article{chen2012malware,
  author = {Chen, Z. and Roussopoulos, M. and Liang, Z. and Zhang, Y. and Chen, Z. and Delis, A.},
  title = {Malware characteristics and threats on the internet ecosystem},
  journal = {Journal of Systems and Software},
  volume = {85},
  number = {7},
  pages = {1650--1672},
  year = {2012},
  note = {Software Ecosystems},
  url = {https://www.sciencedirect.com/science/article/pii/S0164121212000441}
}

@article{ye2017survey,
  author = {Ye, Y. and Li, T. and Adjeroh, D. and Iyengar, S. S.},
  title = {A survey on malware detection using data mining techniques},
  journal = {ACM Comput. Surv.},
  volume = {50},
  number = {3},
  year = {2017},
  url = {https://doi.org/10.1145/3073559}
}

@article{ling2023adversarial,
  author = {Ling, X. and Wu, L. and Zhang, J. and Qu, Z. and Deng, W. and Chen, X. and Qian, Y. and Wu, C. and Ji, S. and Luo, T. and others},
  title = {Adversarial attacks against windows pe malware detection: A survey of the state-of-the-art},
  journal = {Computers \& Security},
  volume = {128},
  pages = {103134},
  year = {2023}
}

@article{zhang2022semantics,
  author = {Zhang, L. and Liu, P. and Choi, Y.-H. and Chen, P.},
  title = {Semantics-preserving reinforcement learning attack against graph neural networks for malware detection},
  journal = {IEEE Transactions on Dependable and Secure Computing},
  volume = {20},
  number = {2},
  pages = {1390--1402},
  year = {2022}
}

@article{geng2024survey,
  author = {Geng, J. and Wang, J. and Fang, Z. and Zhou, Y. and Wu, D. and Ge, W.},
  title = {A survey of strategy-driven evasion methods for pe malware: Transformation, concealment, and attack},
  journal = {Computers \& Security},
  volume = {137},
  pages = {103595},
  year = {2024},
  url = {https://www.sciencedirect.com/science/article/pii/S0167404823005059}
}

@article{vaswani2017attention,
  author = {Vaswani, A. and others},
  title = {Attention is all you need},
  journal = {Advances in Neural Information Processing Systems},
  year = {2017}
}

@article{brown2020language,
  author = {Brown, T. B. and others},
  title = {Language models are few-shot learners},
  journal = {arXiv preprint arXiv:2005.14165},
  year = {2020}
}

@article{buscemi2023comparative,
  author = {Buscemi, A.},
  title = {A comparative study of code generation using ChatGPT 3.5 across 10 programming languages},
  journal = {arXiv preprint arXiv:2308.04477},
  year = {2023}
}

@article{jiang2024survey,
  author = {Jiang, J. and Wang, F. and Shen, J. and Kim, S. and Kim, S.},
  title = {A survey on large language models for code generation},
  journal = {arXiv preprint arXiv:2406.00515},
  year = {2024}
}

@inproceedings{jimenez2024swebench,
  author = {Jimenez, C. E. and Yang, J. and Wettig, A. and Yao, S. and Pei, K. and Press, O. and Narasimhan, K. R.},
  title = {SWE-bench: Can language models resolve real-world github issues?},
  booktitle = {The Twelfth International Conference on Learning Representations},
  year = {2024},
  url = {https://openreview.net/forum?id=VTF8yNQM66}
}

@article{ji2023survey,
  author = {Ji, Z. and Lee, N. and Frieske, R. and Yu, T. and Su, D. and Xu, Y. and Ishii, E. and Bang, Y. J. and Madotto, A. and Fung, P.},
  title = {Survey of hallucination in natural language generation},
  journal = {ACM Computing Surveys},
  volume = {55},
  number = {12},
  pages = {1--38},
  year = {2023}
}

@article{liu2024exploring,
  author = {Liu, F. and Liu, Y. and Shi, L. and Huang, H. and Wang, R. and Yang, Z. and Zhang, L.},
  title = {Exploring and evaluating hallucinations in llm-powered code generation},
  journal = {arXiv preprint arXiv:2404.00971},
  year = {2024}
}

@misc{cryptware2024malwaredb,
  author = {{CryptwareApps}},
  title = {Malware-database},
  year = {2024},
  howpublished = {[Online]},
  note = {Last Accessed: May 27, 2024},
  url = {https://github.com/cryptwareapps/Malware-Database}
}

@misc{vxunderground2024sourcecode,
  author = {{vx-underground}},
  title = {MalwareSourceCode},
  year = {2024},
  howpublished = {[Online]},
  note = {Last Accessed: May 27, 2024},
  url = {https://github.com/vxunderground/MalwareSourceCode}
}

@inproceedings{ling2019deepsec,
  author = {Ling, X. and Ji, S. and Zou, J. and Wang, J. and Wu, C. and Li, B. and Wang, T.},
  title = {Deepsec: A uniform platform for security analysis of deep learning model},
  booktitle = {2019 IEEE Symposium on Security and Privacy (SP)},
  publisher = {IEEE},
  year = {2019},
  pages = {673--690}
}

@article{raff2017malware,
  author = {Raff, E. and Barker, J. and Sylvester, J. and Brandon, R. and Catanzaro, B. and Nicholas, C.},
  title = {Malware detection by eating a whole exe},
  journal = {arXiv preprint arXiv:1710.09435},
  year = {2017}
}

@inproceedings{ling2022malgraph,
  author = {Ling, X. and Wu, L. and Deng, W. and Qu, Z. and Zhang, J. and Zhang, S. and Ma, T. and Wang, B. and Wu, C. and Ji, S.},
  title = {Malgraph: Hierarchical graph neural networks for robust windows malware detection},
  booktitle = {IEEE INFOCOM 2022-IEEE Conference on Computer Communications},
  publisher = {IEEE},
  year = {2022},
  pages = {1998--2007}
}

@article{li2025revisiting,
  author = {Li, A. S. and Iyengar, A. and Kundu, A. and Bertino, E.},
  title = {Revisiting concept drift in windows malware detection: Adaptation to real drifted malware with minimal samples},
  journal = {Network and Distributed System Security (NDSS) Symposium},
  year = {2025}
}

@inproceedings{apel2009measuring,
  author = {Apel, M. and Bockermann, C. and Meier, M.},
  title = {Measuring similarity of malware behavior},
  booktitle = {2009 IEEE 34th Conference on Local Computer Networks},
  year = {2009},
  pages = {891--898}
}

@article{ebrahimi2020binary,
  author = {Ebrahimi, M. and Zhang, N. and Hu, J. L. and Raza, M. T. and Chen, H.},
  title = {Binary black-box evasion attacks against deep learning-based static malware detectors with adversarial byte-level language model},
  journal = {CoRR},
  volume = {abs/2012.07994},
  year = {2020},
  url = {https://arxiv.org/abs/2012.07994}
}

@article{kreuk2018deceiving,
  author = {Kreuk, F. and Barak, A. and Aviv-Reuven, S. and Baruch, M. and Pinkas, B. and Keshet, J.},
  title = {Deceiving end-to-end deep learning malware detectors using adversarial examples},
  journal = {arXiv preprint arXiv:1802.04528},
  year = {2018}
}

@inproceedings{yuan2020blackbox,
  author = {Yuan, J. and Zhou, S. and Lin, L. and Wang, F. and Cui, J.},
  title = {Black-box adversarial attacks against deep learning based malware binaries detection with gan},
  booktitle = {European Conference on Artificial Intelligence},
  year = {2020}
}

@inproceedings{kolosnjaji2018adversarial,
  author = {Kolosnjaji, B. and Demontis, A. and Biggio, B. and Maiorca, D. and Giacinto, G. and Eckert, C. and Roli, F.},
  title = {Adversarial malware binaries: Evading deep learning for malware detection in executables},
  booktitle = {2018 26th European Signal Processing Conference (EUSIPCO)},
  publisher = {IEEE},
  year = {2018},
  pages = {533--537}
}

@inproceedings{sucu2019exploring,
  author = {Suciu, O. and Coull, S. E. and Johns, J.},
  title = {Exploring Adversarial Examples in Malware Detection},
  booktitle = {2019 IEEE Security and Privacy Workshops (SPW)},
  publisher = {IEEE Computer Society},
  year = {2019},
  pages = {8--14},
  url = {https://doi.ieeecomputersociety.org/10.1109/SPW.2019.00015}
}

@inproceedings{lucas2023adversarial,
  author = {Lucas, K. and Pai, S. and Lin, W. and Bauer, L. and Reiter, M. K. and Sharif, M.},
  title = {Adversarial training for raw-binary malware classifiers},
  booktitle = {Proceedings of the 32nd USENIX Security Symposium},
  publisher = {USENIX Association},
  year = {2023}
}

@article{hu2017generating,
  author = {Hu, W. and Tan, Y.},
  title = {Generating adversarial malware examples for black-box attacks based on gan (2017)},
  journal = {arXiv preprint arXiv:1702.05983},
  year = {2017}
}

@inproceedings{kawai2019improved,
  author = {Kawai, M. and Ota, K. and Dong, M.},
  title = {Improved malgan: Avoiding malware detector by leaning cleanware features},
  booktitle = {2019 International Conference on Artificial Intelligence in Information and Communication (ICAIIC)},
  year = {2019},
  pages = {040--045}
}

@inproceedings{verwer2020robust,
  author = {Verwer, S. and Nadeem, A. and Hammerschmidt, C. and Bliek, L. and Al-Dujaili, A. and O'Reilly, U.-M.},
  title = {The robust malware detection challenge and greedy random accelerated multi-bit search},
  booktitle = {Proceedings of the 13th ACM Workshop on Artificial Intelligence and Security},
  series = {AISec'20},
  publisher = {Association for Computing Machinery},
  year = {2020},
  pages = {61--70},
  url = {https://doi.org/10.1145/3411508.3421374}
}

@article{lu2022research,
  author = {Lu, F. and Cai, Z. and Lin, Z. and Bao, Y. and Tang, M.},
  title = {Research on the construction of malware variant datasets and their detection method},
  journal = {Applied Sciences},
  volume = {12},
  number = {15},
  year = {2022},
  url = {https://www.mdpi.com/2076-3417/12/15/7546}
}

@misc{wiki2024dexter,
  author = {{Wikipedia contributors}},
  title = {Dexter (malware)},
  year = {2024},
  howpublished = {[Online]},
  note = {Last Accessed: Nov 27, 2024},
  url = {https://en.wikipedia.org/wiki/Dexter_(malware)}
}

@misc{malwarebytes2024pos,
  author = {{Malwarebytes Labs}},
  title = {Point of sale (pos)},
  year = {2024},
  howpublished = {[Online]},
  note = {Last Accessed: Nov 27, 2024},
  url = {https://www.malwarebytes.com/blog/threats/point-of-sale-pos}
}

@misc{malwarebytes2024tinukebot,
  author = {{Malwarebytes Labs}},
  title = {System infected: Trojan.tinukebot activity 3},
  year = {2024},
  howpublished = {[Online]},
  note = {Last Accessed: Nov 27, 2024},
  url = {https://www.broadcom.com/support/security-center/attacksignatures/detail?asid=31467}
}

@misc{fortinet2019predator,
  author = {{Fortinet}},
  title = {Predator the thief: New routes of delivery},
  year = {2019},
  howpublished = {[Online]},
  note = {Last Accessed: March 11, 2025},
  url = {https://www.fortinet.com/blog/threat-research/predator-the-thief-new-routes-delivery}
}

@misc{fortinet2019predatorTrojan,
  author = {{Fortinet}},
  title = {Predator trojan},
  year = {2019},
  howpublished = {[Online]},
  note = {Last Accessed: March 11, 2025},
  url = {https://digital.nhs.uk/cyber-alerts/2019/cc-2970}
}

@misc{spyware2020prostostealer,
  author = {{2-spyware}},
  title = {Prostostealer (free guide) - removal instructions},
  year = {2020},
  howpublished = {[Online]},
  note = {Last Accessed: March 11, 2025},
  url = {https://www.2-spyware.com/remove-prostostealer.html}
}

@misc{wiki2019conti,
  author = {{Wikipedia}},
  title = {Conti (ransomware)},
  year = {2019},
  howpublished = {[Online]},
  note = {Last Accessed: March 11, 2025},
  url = {https://en.wikipedia.org/wiki/Conti_(ransomware)}
}

@misc{mcafee2019babuk,
  author = {{McAfee}},
  title = {Babuk ransomware},
  year = {2019},
  howpublished = {[Online]},
  note = {Last Accessed: March 11, 2025},
  url = {https://www.mcafee.com/blogs/other-blogs/mcafee-labs/babuk-ransomware/}
}

@misc{fraunhofer2021babuk,
  author = {{Fraunhofer FKIE}},
  title = {Babuk},
  year = {2021},
  howpublished = {[Online]},
  note = {Last Accessed: March 11, 2025},
  url = {https://malpedia.caad.fkie.fraunhofer.de/details/win.babuk}
}

@misc{wiki2016petya,
  author = {{Wikipedia}},
  title = {Petya (malware family)},
  year = {2016},
  howpublished = {[Online]},
  note = {Last Accessed: March 11, 2025},
  url = {https://en.wikipedia.org/wiki/Petya_(malware_family)}
}

@misc{malwarebytes2016petya,
  author = {{Malwarebytes}},
  title = {Petya (malware family)},
  year = {2016},
  howpublished = {[Online]},
  note = {Last Accessed: March 11, 2025},
  url = {https://www.malwarebytes.com/blog/news/2016/07/third-time-unlucky-improved-petya-is-out}
}

@inproceedings{he2016deep,
  author = {He, K. and Zhang, X. and Ren, S. and Sun, J.},
  title = {Deep residual learning for image recognition},
  booktitle = {Proceedings of the IEEE Conference on Computer Vision and Pattern Recognition},
  year = {2016},
  pages = {770--778}
}
